@article{Schr√∂dinger_1935,
  title={Die gegenw{\"a}rtige Situation in der Quantenmechanik},
  author={Schr{\"o}dinger, E},
  journal={Naturwissenschaften},
  volume={23},
  number={48},
  pages={807--812},
  year={1935},
  publisher={Springer}
}

@article{PhysRev.47.777,
  title={Can Quantum-Mechanical Description of Physical Reality Be Considered Complete?},
  author={Einstein, A. and Podolsky, B. and Rosen, N.},
  journal={Physical Review},
  volume={47},
  issue={10},
  pages={777--780},
  year={1935},
  publisher={American Physical Society}
}

@article{RevModPhys.81.865,
  title={Entanglement in continuous variable systems: Recent advances and current perspectives},
  author={Adesso, Gerardo and Illuminati, Fabrizio},
  journal={Reviews of Modern Physics},
  volume={81},
  pages={865},
  year={2009},
  publisher={American Physical Society}
}

@article{Torlai2018,
  title={Neural-network quantum state tomography},
  author={Torlai, Giacomo and Mazzola, Guglielmo and Carrasquilla, Juan and Troyer, Matthias and Melko, Roger and Carleo, Giuseppe},
  journal={Nature Physics},
  volume={14},
  number={5},
  pages={447--450},
  year={2018},
  publisher={Nature Publishing Group}
}

@article{LeCun2015,
  title={Deep learning},
  author={LeCun, Yann and Bengio, Yoshua and Hinton, Geoffrey},
  journal={Nature},
  volume={521},
  number={7553},
  pages={436--444},
  year={2015},
  publisher={Nature Publishing Group}
}

@article{Vaswani2017,
  title={Attention is all you need},
  author={Vaswani, Ashish and Shazeer, Noam and Parmar, Niki and Uszkoreit, Jakob and Jones, Llion and Gomez, Aidan N and Kaiser, {\L}ukasz and Polosukhin, Illia},
  journal={Advances in Neural Information Processing Systems},
  volume={30},
  year={2017}
}

@article{transformer_quantum_2022,
  title={Transformer neural networks for automated quantum state classification},
  author={Smith, Bryan and Wilson, C. Maurice and Sharma, Kush and Johnson, Peter and Vasconcelos, Nuno and Khammassi, Nader},
  journal={npj Quantum Information},
  volume={8},
  number={1},
  pages={1--8},
  year={2022},
  publisher={Nature Publishing Group}
}

@article{doi:10.1126/sciadv.add7131,
  title={Machine learning reconstruction of quantum entanglement},
  author={Rishi, V. and Wu, X. and Dhand, I.},
  journal={Science Advances},
  volume={8},
  number={45},
  pages={eadd7131},
  year={2022},
  publisher={American Association for the Advancement of Science}
}
